<?xml version="1.0" encoding="UTF-8"?><collection xmlns="http://www.loc.gov/MARC21/slim"><record><leader>00635nam--2200217-u-4500</leader><controlfield tag="001">000050442</controlfield><controlfield tag="002">20161230</controlfield><controlfield tag="005">20161230201048</controlfield><controlfield tag="008">070322s1000------------r-----000-0-eng-d</controlfield><datafield ind1=" " ind2=" " tag="020"><subfield code="a">0387219331</subfield></datafield><datafield ind1=" " ind2=" " tag="040"><subfield code="a">IFIN-HH</subfield></datafield><datafield ind1=" " ind2=" " tag="080"><subfield code="a">(530.1:530.145:537.8)004.4</subfield></datafield><datafield ind1="1" ind2=" " tag="100"><subfield code="a">Baumann,Gerd</subfield></datafield><datafield ind1="1" ind2="0" tag="245"><subfield code="a">Mathematica for Theoretical Physics</subfield><subfield code="b">Electrodymanics, Quantum Mechanics, General Relativity and Fractals</subfield><subfield code="c">Gerd Baumann</subfield></datafield><datafield ind1=" " ind2=" " tag="250"><subfield code="a">Second Edition</subfield></datafield><datafield ind1=" " ind2=" " tag="260"><subfield code="a">Berlin</subfield><subfield code="b">Springer</subfield><subfield code="c">2005</subfield></datafield><datafield ind1=" " ind2=" " tag="300"><subfield code="a">942 p</subfield></datafield><datafield ind1=" " ind2=" " tag="504"><subfield code="a">Includes Index and CD-ROM</subfield></datafield><datafield ind1=" " ind2="4" tag="650"><subfield code="a">Kinematics</subfield></datafield><datafield ind1=" " ind2=" " tag="852"><subfield code="a">81861</subfield><subfield code="c">530.1</subfield></datafield><datafield ind1=" " ind2=" " tag="CAT"><subfield code="a">Sys</subfield><subfield code="c">20110324</subfield><subfield code="h">111052</subfield></datafield></record></collection>